<?xml version="1.0" encoding="UTF-8" ?>
<collection xmlns:xsi="http://www.w3.org/2001/XMLSchema-instance"
    xsi:schemaLocation="http://www.loc.gov/MARC21/slim
        http://www.loc.gov/standards/marcxml/schema/MARC21slim.xsd"
    xmlns="http://www.loc.gov/MARC21/slim">
<record>
  <leader>00217cam a2200397 i 4500</leader>
  <controlfield tag="001">b12498464</controlfield>
  <controlfield tag="003">LeBAU</controlfield>
  <controlfield tag="005">20200220</controlfield>
  <controlfield tag="008">970701s1932    ua            ||0 0 ara d</controlfield>
  <datafield tag="035" ind1=" " ind2=" ">
    <subfield code="a">ocn784360759</subfield>
  </datafield>
  <datafield tag="040" ind1=" " ind2=" ">
    <subfield code="a">LEAUB</subfield>
    <subfield code="b">ara</subfield>
    <subfield code="e">rda</subfield>
    <subfield code="c">LEAUB</subfield>
    <subfield code="d">LEAUB</subfield>
  </datafield>
  <datafield tag="082" ind1="0" ind2="4">
    <subfield code="a">615</subfield>
    <subfield code="2">23</subfield>
  </datafield>
  <datafield tag="100" ind1="1" ind2=" ">
    <subfield code="6">880-01</subfield>
    <subfield code="a">ʻAṭṭār al-Hārūnī, Dāwud ibn Abī Naṣr,</subfield>
    <subfield code="d">active 13th century.</subfield>
    <subfield code="e">author.</subfield>
    <subfield code="0">http://id.loc.gov/authorities/names/n89188648 ,</subfield>
  </datafield>
  <datafield tag="245" ind1="1" ind2="0">
    <subfield code="6">880-02</subfield>
    <subfield code="a">Kitāb Minhāj al-dukkān wa-dustūr al-aʻyān fī aʻmāl wa-tarākīb al-adwiyah al-nāfiʻah lil-abdān /</subfield>
    <subfield code="c">taʼlīf Aflāṭūn zamānihi wa-raʼīs awānihi Abī al-Muná Abī Naṣr al-ʻAṭṭār al-Isrāʼīlī al-Hārūnī.</subfield>
  </datafield>
  <datafield tag="246" ind1="3" ind2="0">
    <subfield code="6">880-03</subfield>
    <subfield code="a">Minhāj al-dukkān wa-dustūr al-aʻyān fī aʻmāl wa-tarākīb al-adwiyah al-nāfiʻah lil-abdān</subfield>
  </datafield>
  <datafield tag="264" ind1=" " ind2="1">
    <subfield code="6">880-04</subfield>
    <subfield code="a">[Miṣr] :</subfield>
    <subfield code="b">[ʻAlī Muḥammad ʻAbd al-Laṭīf al-Khaṭīb],</subfield>
    <subfield code="c">1351 H., [1932? M.]</subfield>
  </datafield>
  <datafield tag="300" ind1=" " ind2=" ">
    <subfield code="6">880-05</subfield>
    <subfield code="a">288 pages ;</subfield>
    <subfield code="c">20 cm</subfield>
  </datafield>
  <datafield tag="336" ind1=" " ind2=" ">
    <subfield code="a">text</subfield>
    <subfield code="b">txt</subfield>
    <subfield code="2">rdacontent</subfield>
  </datafield>
  <datafield tag="337" ind1=" " ind2=" ">
    <subfield code="a">unmediated</subfield>
    <subfield code="b">n</subfield>
    <subfield code="2">rdamedia</subfield>
  </datafield>
  <datafield tag="338" ind1=" " ind2=" ">
    <subfield code="a">volume</subfield>
    <subfield code="b">nc</subfield>
    <subfield code="2">rdacarrier</subfield>
  </datafield>
  <datafield tag="650" ind1=" " ind2="4">
    <subfield code="a">الطب العربي</subfield>
    <subfield code="v">اعمال قديمة حتى 1800.</subfield>
  </datafield>
  <datafield tag="650" ind1=" " ind2="4">
    <subfield code="a">المادة الطبية</subfield>
    <subfield code="v">وصفات طبية</subfield>
    <subfield code="v">اعمال قديمة حتى 1800.</subfield>
  </datafield>
  <datafield tag="650" ind1=" " ind2="0">
    <subfield code="a">Medicine, Arab</subfield>
    <subfield code="v">Early works to 1800.</subfield>
  </datafield>
  <datafield tag="650" ind1=" " ind2="0">
    <subfield code="a">Medicine</subfield>
    <subfield code="v">Formulae, receipts, prescriptions</subfield>
    <subfield code="v">Early works to 1800.</subfield>
  </datafield>
  <datafield tag="775" ind1="0" ind2="8">
    <subfield code="6">880-06</subfield>
    <subfield code="i">has designation of edition</subfield>
    <subfield code="4">http://rdaregistry.info/Elements/m/P30133 :</subfield>
    <subfield code="a">ʻAṭṭār al-Hārūnī, Dāwud ibn Abī Naṣr, active 13th century.</subfield>
    <subfield code="t">Minhāj al-dukkān wa-dustūr al-aʻyān fī aʻmāl wa-tarākīb al-adwiyah al-nāfiʻah lil-abdān.</subfield>
    <subfield code="b">al-Ṭabʻah al-akhīrah al-munaqqaḥah.</subfield>
    <subfield code="d">Miṣr : Sharikat Maktabat wa-Maṭbaʻat Muṣṭafá al-Bābī al-Ḥalabī wa-Awlāduh, 1391 H. = 1971 M.</subfield>
    <subfield code="w">(OCoLC)784360767</subfield>
    <subfield code="w">(OCoLC)784360767</subfield>
  </datafield>
  <datafield tag="852" ind1=" " ind2=" ">
    <subfield code="a">Jafet Library</subfield>
    <subfield code="e">American University of Beirut, Bliss Street , Beirut, Lebanon.</subfield>
  </datafield>
  <datafield tag="880" ind1="1" ind2=" ">
    <subfield code="6">100-01/(3/r</subfield>
    <subfield code="a">العطار الهاروني، داود بن ابي نصر،</subfield>
    <subfield code="d">اشتهر في القرن 13،</subfield>
    <subfield code="0">http://id.loc.gov/authorities/names/n89188648 ,</subfield>
    <subfield code="e">مؤلف. </subfield>
    <subfield code="4">aut.</subfield>
  </datafield>
  <datafield tag="880" ind1="1" ind2="0">
    <subfield code="6">245-02/(3/r</subfield>
    <subfield code="a">كتاب منهاج الدكان ودستور الأعيان في أعمال وتركيب الادوية النافعة للأبدان /</subfield>
    <subfield code="c">تأليف أفلاطون زمانه ورئيس أوانه أبي المنى أبي نصر العطار الإسرائيلي الهاروني.</subfield>
  </datafield>
  <datafield tag="880" ind1="3" ind2="0">
    <subfield code="6">246-03/(3/r</subfield>
    <subfield code="a">منهاج الدكان ودستور الأعيان في أعمال وتركيب الادوية النافعة للأبدان</subfield>
  </datafield>
  <datafield tag="880" ind1=" " ind2="1">
    <subfield code="6">264-04/(3/r</subfield>
    <subfield code="a">[مصر] :</subfield>
    <subfield code="b">[علي محمد عبد اللطيف الخطيب]،</subfield>
    <subfield code="c">1351 هـ.، [1932؟ م.]</subfield>
  </datafield>
  <datafield tag="880" ind1=" " ind2=" ">
    <subfield code="6">300-05/(3/r</subfield>
    <subfield code="a">288 صفحة ؛</subfield>
    <subfield code="c">20 سم</subfield>
  </datafield>
  <datafield tag="880" ind1="0" ind2="8">
    <subfield code="6">775-06/(3/r</subfield>
    <subfield code="i">دلالة على الطبعة</subfield>
    <subfield code="4">http://rdaregistry.info/Elements/m/P30133 :</subfield>
    <subfield code="a">العطار الهاروني، داود بن ابي نصر، اشتهر في القرن 13.</subfield>
    <subfield code="t">منهاج الدكان ودستور الأعيان في أعمال وتركيب الادوية النافعة للأبدان.</subfield>
    <subfield code="b">الطبعة الاخيرة المنقحة.</subfield>
    <subfield code="d">مصر : شركة مكتبة ومطبعة مصطفى البابي الحلبي وأولاده، 1391 هـ. = 1971 م.</subfield>
    <subfield code="w">(LEAUB)b12498506</subfield>
    <subfield code="w">(OCoLC)784360767</subfield>
  </datafield>
  <datafield tag="907" ind1=" " ind2=" ">
    <subfield code="a">.b12498464</subfield>
    <subfield code="b">20-03-16</subfield>
    <subfield code="c">11-05-24</subfield>
  </datafield>
  <datafield tag="907" ind1=" " ind2=" ">
    <subfield code="a">.b12498464</subfield>
    <subfield code="b">11-10-11</subfield>
    <subfield code="c">11-05-24</subfield>
  </datafield>
  <datafield tag="945" ind1=" " ind2=" ">
    <subfield code="f">J</subfield>
    <subfield code="a">615:A88kA</subfield>
    <subfield code="i">01028704</subfield>
    <subfield code="j">.i12993219</subfield>
    <subfield code="l">u0503</subfield>
  </datafield>
  <datafield tag="998" ind1=" " ind2=" ">
    <subfield code="a">u05</subfield>
    <subfield code="b">97-07-01</subfield>
    <subfield code="c">m</subfield>
    <subfield code="d">a  </subfield>
    <subfield code="e">-</subfield>
    <subfield code="f">ara</subfield>
    <subfield code="g">ua </subfield>
    <subfield code="h">0</subfield>
    <subfield code="i">1</subfield>
  </datafield>
</record>
</collection>
